
@book{book:Fourier_optics,
	  author = "Joseph W.Goodman",
      title = "Introduction to Fourier Optics",
      year = 1968
}
